@misc{boost,
  TITLE = {{Boost C++ Libraries}},
  howpublished = {\url{http://www.boost.org/}}
}

@Article{Goldberg:91,
	author = {David Goldberg},
	title = {{What Every Computer Scientist Should Know About Floating-Point Arithmetic}},
	journal = {ACM Computing Surveys},
	year = {1991},
	volume = {23},
	number = {1},
	month = {March},
}

@Proceedings{Obiltschnig:06,
	author = {Günter Obiltschnig},
	title = {{Cross-Platform Issues With Floating-Point Arithmetics in C++}},
	year = {2006},
	organization = {ACCU Conference},
}

InCollection{Steele-White:03,
	author = {Guy L. Steele Jr. and Jon L. White},
	title = {How to Print Floating-Point Numbers Accurately},
	booktitle = {20 Years of the ACM/SIGPLAN Conference on Programming Language Design and Implementation (1979-1999): A Selection},
	pages = {372},
	publisher = {ACM},
	year = {2003},
	editor = {Kathryn S. McKinley},
}

inproceedings{Loitsch:10,
	author = {Florian Loitsch},
	title = {Printing floating-point numbers quickly and accurately with integers},
	booktitle = {PLDI},
	year = {2010},
	pages = {233-243},
	ee = {http://doi.acm.org/10.1145/1806596.1806623},
	crossref = {DBLP:conf/pldi/2010},
	bibsource = {DBLP, http://dblp.uni-trier.de}
}

@techreport{ISO-C++11,
 Institution = {International Organization for Standardization},
 address = {Geneva, Switzerland},
 Title = {Information technology --- {P}rogramming languages --- {C}++},
 number = {ISO/IEC 14882:2011(E)},
 Year = {2011}
}

@techreport{IEEE-754-1985,
 Institution = {The Institute of Electrical and Electronics Engineers, Inc},
 address = {345 East 47th Street, New York, NY 10017, USA},
 Title = {{IEEE} {S}tandard for {B}inary {F}loating-{P}oint {A}rithmetic},
 number = {ANSI/IEEE Std 754-1985},
 Year = {1985}
}

@techreport{IEEE-754-2008,
 Institution = {The Institute of Electrical and Electronics Engineers, Inc},
 address = {3 Park Avenue, New York, NY 10016-5997, USA},
 Title = {{IEEE} {S}tandard for {B}inary {F}loating-{P}oint {A}rithmetic},
 number = {ANSI/IEEE Std 754-2008},
 Year = {2008}
}

@techreport{Intel:80C187,
 Institution = {Intel Corporation},
 Title = {{80C187 80-BIT MATH COPROCESSOR}},
 number = {80C187},
 Year = {1992}
}

@techreport{Intel:DevManual,
 Institution = {Intel Corporation},
 Title = {{Intel 64 and IA-32 Architectures Software Developers Manual}},
 volume = {1 : Basic Architecture},
 number = {253665-050US},
 Year = {2014}
}

@techreport{AMD:CPUID,
 Institution = {Advanced Micro Devices},
 Title = {{CPUID Specification}},
 volume = {2.34},
 number = {25481},
 Year = {2010}
}